<record><leader>01894nam a2200481 i 4500</leader><controlfield tag="001">6849939</controlfield><controlfield tag="003">CaONFJC</controlfield><controlfield tag="005">20150306042235.0</controlfield><controlfield tag="006">m        d        </controlfield><controlfield tag="007">cr||n|||||||||</controlfield><controlfield tag="008">140718s2015    enk     ob    001 0 eng d</controlfield><datafield ind1=" " ind2=" " tag="020"><subfield code="a">1849059764</subfield><subfield code="q">paperback</subfield></datafield><datafield ind1=" " ind2=" " tag="020"><subfield code="a">9781322950389 (MyiLibrary)</subfield></datafield><datafield ind1=" " ind2=" " tag="020"><subfield code="a">9781849059763</subfield><subfield code="q">paperback</subfield></datafield><datafield ind1=" " ind2=" " tag="037"><subfield code="a">726320</subfield><subfield code="b">MIL</subfield></datafield><datafield ind1=" " ind2=" " tag="039"><subfield code="a">exclude</subfield></datafield><datafield ind1=" " ind2=" " tag="040"><subfield code="a">CaONFJC</subfield><subfield code="c">CaONFJC</subfield><subfield code="e">rda</subfield><subfield code="d">AEU</subfield></datafield><datafield ind1="0" ind2="4" tag="050"><subfield code="a">BL65.M4</subfield><subfield code="b">S65 2015eb</subfield></datafield><datafield ind1="1" ind2="0" tag="060"><subfield code="a">WM 61</subfield></datafield><datafield ind1="0" ind2="4" tag="082"><subfield code="a">259/.42</subfield><subfield code="2">23</subfield></datafield><datafield ind1=" " ind2=" " tag="090"><subfield code="a">Internet Access</subfield><subfield code="b">AEGMCT</subfield></datafield><datafield ind1="0" ind2="0" tag="245"><subfield code="a">Spiritual care in practice</subfield><subfield code="h">[electronic resource] :</subfield><subfield code="b">case studies in healthcare chaplaincy /</subfield><subfield code="c">edited by George Fitchett and Steve Nolan ; foreword by Christina M. Puchalski ; afterword by John Swinton.</subfield></datafield><datafield ind1=" " ind2="1" tag="264"><subfield code="a">London ;</subfield><subfield code="a">Philadelphia :</subfield><subfield code="b">Jessica Kingsley Publishers,</subfield><subfield code="c">2015.</subfield></datafield><datafield ind1=" " ind2=" " tag="300"><subfield code="a">1 online resource (318 pages)</subfield></datafield><datafield ind1=" " ind2=" " tag="336"><subfield code="a">text</subfield><subfield code="b">txt</subfield><subfield code="2">rdacontent</subfield></datafield><datafield ind1=" " ind2=" " tag="337"><subfield code="a">computer</subfield><subfield code="b">c</subfield><subfield code="2">rdamedia</subfield></datafield><datafield ind1=" " ind2=" " tag="338"><subfield code="a">online resource</subfield><subfield code="b">cr</subfield><subfield code="2">rdacarrier</subfield></datafield><datafield ind1=" " ind2=" " tag="504"><subfield code="a">Includes bibliographical references and index.</subfield></datafield><datafield ind1=" " ind2=" " tag="506"><subfield code="a">Access restricted to authorized users and institutions.</subfield></datafield><datafield ind1=" " ind2=" " tag="588"><subfield code="a">Description based on print version record.</subfield></datafield><datafield ind1=" " ind2=" " tag="596"><subfield code="a">57</subfield></datafield><datafield ind1=" " ind2="0" tag="650"><subfield code="a">Chaplains, Hospital.</subfield></datafield><datafield ind1=" " ind2="0" tag="650"><subfield code="a">Medicine</subfield><subfield code="x">Religious aspects.</subfield></datafield><datafield ind1=" " ind2="0" tag="650"><subfield code="a">Pastoral medicine.</subfield></datafield><datafield ind1="1" ind2="2" tag="650"><subfield code="a">Pastoral Care</subfield><subfield code="x">methods.</subfield></datafield><datafield ind1="2" ind2="2" tag="650"><subfield code="a">Chaplaincy Service, Hospital</subfield><subfield code="x">methods.</subfield></datafield><datafield ind1="2" ind2="2" tag="650"><subfield code="a">Patients</subfield><subfield code="x">psychology.</subfield></datafield><datafield ind1="2" ind2="2" tag="650"><subfield code="a">Spirituality.</subfield></datafield><datafield ind1="1" ind2=" " tag="700"><subfield code="a">Fitchett, George,</subfield><subfield code="d">1948-</subfield><subfield code="e">editor.</subfield></datafield><datafield ind1="1" ind2=" " tag="700"><subfield code="a">Nolan, Steve,</subfield><subfield code="e">editor.</subfield></datafield><datafield ind1="4" ind2="0" tag="856"><subfield code="3">MacEwan University Access</subfield><subfield code="u">http://lib.myilibrary.com/detail.asp?ID=726320</subfield><subfield code="z">(Single User Access)</subfield><subfield code="z">from MyiLibrary</subfield></datafield><datafield ind1=" " ind2=" " tag="949"><subfield code="h">UAIN</subfield><subfield code="m">GR_MAC_INT</subfield><subfield code="z">MILGMPSA</subfield></datafield><datafield ind1=" " ind2=" " tag="926"><subfield code="a">Internet Access</subfield><subfield code="w">ORDER</subfield><subfield code="c">1</subfield><subfield code="i">6849939-2001</subfield><subfield code="l">INTERNET</subfield><subfield code="m">GR_MAC_INT</subfield><subfield code="r">Y</subfield><subfield code="s">Y</subfield><subfield code="t">E-RESOURCE</subfield><subfield code="u">3/18/2015</subfield><subfield code="x">E-BOOK</subfield><subfield code="z">MILGMPSA</subfield></datafield></record>